@book{KnapsackProblemsBook,
  author    = {KELLERER Hans, PFERSCHY Ulrich, PISINGER David},
  title     = {Knapsack Problems},
  publisher = {Springer},
  year      = {2004},
  isbn      = {978-3-642-07311-3}
}

@online{petite_analyse_nbre_calculs_par_sec,
  author   = {Johan C.},
  title    = {L’évolution de la puissance de calcul en informatique},
  url      = {https://lespetitesanalyses.com/2023/10/14/levolution-de-la-puissance-de-calcul-en-informatique/},
  year     = {2023},
  addendum = {(accessed: 05.02.2025)}
}

@online{knuthwebsite,
  author   = {Donald Knuth},
  title    = {Knuth: Computers and Typesetting},
  url      = {http://www-cs-faculty.stanford.edu/~uno/abcde.html},
  addendum = {(accessed: 01.09.2016)},
  keywords = {latex,knuth}
}

@article{einstein,
  author   = {Albert Einstein},
  title    = {{Zur Elektrodynamik bewegter K{\"o}rper}. ({German})
              [{On} the electrodynamics of moving bodies]},
  journal  = {Annalen der Physik},
  volume   = {322},
  number   = {10},
  pages    = {891--921},
  year     = {1905},
  doi      = {http://dx.doi.org/10.1002/andp.19053221004},
  keywords = {physics}
}

@book{dirac,
  title     = {The Principles of Quantum Mechanics},
  author    = {Paul Adrien Maurice Dirac},
  isbn      = {9780198520115},
  series    = {International series of monographs on physics},
  year      = {1981},
  publisher = {Clarendon Press},
  keywords  = {physics}
}